@article {austin,
    AUTHOR = {Austin, A. K.},
     TITLE = {A note on models of identities},
   JOURNAL = {Proc. Amer. Math. Soc.},
  FJOURNAL = {Proceedings of the American Mathematical Society},
    VOLUME = {16},
      YEAR = {1965},
     PAGES = {522--523},
      ISSN = {0002-9939,1088-6826},
   MRCLASS = {20.95},
  MRNUMBER = {174649},
MRREVIEWER = {R.\ Artzy},
       DOI = {10.2307/2034688},
       URL = {https://doi.org/10.2307/2034688},
}

@incollection {Kisielewicz,
    AUTHOR = {Kisielewicz, Andrzej},
     TITLE = {Varieties of algebras with no nontrivial finite members},
 BOOKTITLE = {Lattices, semigroups, and universal algebra ({L}isbon, 1988)},
     PAGES = {129--136},
 PUBLISHER = {Plenum, New York},
      YEAR = {1990},
      ISBN = {0-306-43412-1},
   MRCLASS = {08B05 (08B20)},
  MRNUMBER = {1085074},
MRREVIEWER = {A.\ A.\ Iskander},
}

@article {Kisielewicz2,
    AUTHOR = {Kisielewicz, A.},
     TITLE = {Austin identities},
   JOURNAL = {Algebra Universalis},
  FJOURNAL = {Algebra Universalis},
    VOLUME = {38},
      YEAR = {1997},
    NUMBER = {3},
     PAGES = {324--328},
      ISSN = {0002-5240,1420-8911},
   MRCLASS = {03C05 (08B05)},
  MRNUMBER = {1619699},
MRREVIEWER = {Katarzyna\ Ha\l kowska},
       DOI = {10.1007/s000120050057},
       URL = {https://doi.org/10.1007/s000120050057},
}

@article{DBLP:journals/pacmpl/KoehlerGBGTS24,
  author       = {Thomas Koehler and
                  Andr{\'{e}}s Goens and
                  Siddharth Bhat and
                  Tobias Grosser and
                  Phil Trinder and
                  Michel Steuwer},
  title        = {Guided Equality Saturation},
  journal      = {Proc. {ACM} Program. Lang.},
  volume       = {8},
  number       = {{POPL}},
  pages        = {1727--1758},
  year         = {2024},
  url          = {https://doi.org/10.1145/3632900},
  doi          = {10.1145/3632900},
  timestamp    = {Thu, 29 Feb 2024 20:54:53 +0100},
  biburl       = {https://dblp.org/rec/journals/pacmpl/KoehlerGBGTS24.bib},
  bibsource    = {dblp computer science bibliography, https://dblp.org}
}

@article{DBLP:journals/pacmpl/WillseyNWFTP21,
  author       = {Max Willsey and
                  Chandrakana Nandi and
                  Yisu Remy Wang and
                  Oliver Flatt and
                  Zachary Tatlock and
                  Pavel Panchekha},
  title        = {egg: Fast and extensible equality saturation},
  journal      = {Proc. {ACM} Program. Lang.},
  volume       = {5},
  number       = {{POPL}},
  pages        = {1--29},
  year         = {2021},
  url          = {https://doi.org/10.1145/3434304},
  doi          = {10.1145/3434304},
  timestamp    = {Sun, 12 Feb 2023 18:49:14 +0100},
  biburl       = {https://dblp.org/rec/journals/pacmpl/WillseyNWFTP21.bib},
  bibsource    = {dblp computer science bibliography, https://dblp.org}
}
